@article{kahnemantversky,
  title={Prospect Theory: An Analysis of Decision Under Risk},
  author={Kahneman and Tversky},
  journal={Econometrica},
  volume={47},
  number={2},
  pages={263--292},
  year={1979},
  publisher={The Econometric Society}
}
